@book{  lau_2004, 
        place={Berlin}, 
        title={Algebra und Diskrete Mathematik. Vol. 2, Lineare Optimierung, Graphen und Algorithmen, Algebraische Strukturen und Allgemeine Algebra mit Anwendungen},
        publisher={Springer},
        author={Lau, Dietlinde},
        year={2004}
    } 
@MISC {fiktor_2010,
    TITLE = {Prove that $\prod_{k=1}^{n-1}\sin\frac{k \pi}{n} = \frac{n}{2^{n-1}}$},
    AUTHOR = {Fiktor (https://math.stackexchange.com/users/695/fiktor)},
    HOWPUBLISHED = {Mathematics Stack Exchange},
    NOTE = {URL:https://math.stackexchange.com/q/8395 (version: 2018-02-11)},
    EPRINT = {https://math.stackexchange.com/q/8395},
    URL = {https://math.stackexchange.com/q/8395}
}
    
@article{collings_1983,
 ISSN = {00031305},
 URL = {http://www.jstor.org/stable/2683379},
 author = {Bruce J. Collings},
 journal = {The American Statistician},
 number = {3},
 pages = {233--235},
 publisher = {[American Statistical Association, Taylor & Francis, Ltd.]},
 title = {Characteristic Polynomials by Diagonal Expansion},
 volume = {37},
 year = {1983}
}    
    
    
@article{kirchhoff_1847,
title={Ueber die Auflösung der Gleichungen, auf welche man bei der Untersuchung der linearen Vertheilung galvanischer Ströme geführt wird}, 
volume={148}, 
DOI={10.1002/andp.18471481202}, 
number={12}, 
journal={Annalen der Physik und Chemie}, 
author={Kirchhoff, G.}, 
year={1847}, 
pages={497–508}
}

@article{sedlacek_1970,
  title={On the skeletons of a graph or digraph},
  author={Sedlacek, J},
  journal={Proc. Calgary International Conference on Combinatorial Structures and their Applications, Gordon and Breach},
  pages={387--391},
  year={1970}
}
@article{giovannetti_severini_2013, 
title={Kirchhoffs Matrix-Tree Theorem Revisited: Counting Spanning Trees with the Quantum Relative Entropy}, 
DOI={10.1002/9783527670468.ch07}, 
journal={Advances in Network Complexity}, 
author={Giovannetti, Vittorio and Severini, Simone}, 
year={2013}, 
month={Dec}, 
pages={177–190}
}

@article{bogdanowicz_2008,
author = {Bogdanowicz, Zbigniew},
year = {2008},
month = {01},
pages = {781 - 786},
title = {Formulas for the Number of Spanning Trees in a Fan},
journal = {Applied Mathematical Sciences (Ruse)}
}

@article{bang-jensen_2009, 
title={Digraphs}, 
DOI={10.1007/978-1-84800-998-1}, 
journal={Springer Monographs in Mathematics}, 
author={Bang-Jensen, Jørgen and Gutin, Gregory Z.}, 
year={2009}
}

@article{Haghighi_2012,
author = {Haghighi, M.H. and Bibak, Khodakhast},
year = {2012},
month = {08},
pages = {},
title = {The number of spanning trees in some classes of graphs},
volume = {42},
journal = {Rocky Mountain Journal of Mathematics},
doi = {10.1216/RMJ-2012-42-4-1183}
}
@article{austin_1960,
  title={The enumeration of point labelled chromatic graphs and trees},
  author={Austin, TL},
  journal={Canadian Journal of Mathematics},
  volume={12},
  pages={535--545},
  year={1960},
  publisher={Cambridge University Press}
}
@article{daoud_2014, 
title={Generating formulas of the number of spanning trees of some special graphs}, 
volume={129}, 
DOI={10.1140/epjp/i2014-14146-7}, 
number={7}, 
journal={The European Physical Journal Plus}, 
author={Daoud, S. N.}, 
year={2014}
}

@article{haghighi_2012, 
title={The number of spanning trees in some classes of graphs}, 
volume={42}, 
DOI={10.1216/rmj-2012-42-4-1183}, 
number={4}, 
journal={Rocky Mountain Journal of Mathematics}, 
author={Haghighi, M.h. Shirdareh and Bibak, Kh.}, 
year={2012}, 
pages={1183–1195}
}

@article{wang_yang_1984, 
title={On the number of spanning trees of circulant graphs}, 
volume={16}, 
DOI={10.1080/00207168408803440}, 
number={4}, 
journal={International Journal of Computer Mathematics}, 
author={Wang, J. F. and Yang, C. S.}, 
year={1984}, 
pages={229–241}
}

@article{yakoubi_2019,
title={Computing Spanning Trees In Some Multiple Planar Graphs},
author={Yakoubi, Fouad and EL Khattabi, Noussaima and El Marraki, Mohamed},
journal={International Journal of Scientific \& Technology Research},
volume={8},
number={9},
year={2019}, 
pages={2312-2315}
}

@book{hinchliffe_2007, 
place={Cambridge}, 
title={Chemical Modelling: Applications and Theory Volume 3}, 
publisher={Royal Society of Chemistry}, 
author={Hinchliffe, Alan and Moore, E. A. and Sutcliffe, Brian T. and Pakiari, A. H and Simos, Theodore E and Wilson, Stephen and Springborg, Michael and Pugh, David and Lewis, Richard A. and Trinajstic, Nedad and et al.}, 
year={2007}
}

@article{haghighi_2009,
  title={Recursive relations for the number of spanning trees},
  author={Haghighi, Mohammad Hassan Shirdareh and Bibak, Khodakhast},
  journal={Applied Mathematical Sciences},
  volume={3},
  number={46},
  pages={2263--2269},
  year={2009}
}

@book{cvet_1979, 
place={New York}, 
title={Spectra of graphs: theory and application}, 
publisher={Academic Press}, 
author={Cvetković Dragoš M. and Doob, Michael and Sachs, Horst}, 
year={1979}
}

@book{meyer_2005, 
place={Philadelphia}, 
title={Matrix analysis and applied linear algebra}, 
publisher={SIAM, Society for Industrial and Applied Mathematics}, 
author={Meyer, Carl D.}, 
year={2005}
}
